@article{Atlas,
	Abstract = {The configuration has a frontal node, named atlas, and 5 compute nodes atlas[1-5].},
	Author = {Boileau, M.},
	Journal = {GitLab Unistra},
	Month = {},
	Number = {},
	Numpages = {},
	Pages = {},
	Title = {Atlas cluster documentation},
	Volume = {},
	Url = {https://gitlab.math.unistra.fr/atlas/cluster-doc/-/wikis/description},
	Year = {2020}}